
@misc{Pfe98,
    author = {Frank Pfenning and Carsten Sch{\"{u}}rmann},
    title = {{Twelf User's Guide}},
    version = {{1.4}},
    year = {1998}
}

@misc{Twelf16,
    author = {},
    title = {{Twelf Home Page}},
    note = {Available at \verb|http://www.twelf.org|, 2016}
}

@misc{RohPfe96,
    author = {Ekkehard Rohwedder and Frank Pfenning},
    title = {{Mode and Termination Checking for Higher-Order Logic Programs}},
    year = {1996}
}

@misc{Pie01,
    author = {Brigitte Pientka},
    title = {{Termination and Reduction Checking for Higher-Order Logic Programs}},
    year = {2001}
}

@misc{Pie06,
    author = {Brigitte Pientka},
    title = {{Verifying termination and reduction properties about higher-order logic programs}},
    year = {2005}
}

@misc{SchPfe03,
    author = {Carsten Sch{\"{u}}rmann and Frank Pfenning},
    title = {{A Coverage Checking Algorithm for LF}},
    year = {2003}
}

@misc{AndPfe04,
    author = {Penny Anderson and Frank Pfenning},
    title = {{Verifying Uniqueness in a Logical Framework}},
    year = {2004}
}


@misc{PosSch03,
    author = {Adam Poswolsky and Carsten Sch{\"{u}}mann},
    title = {{Factoring Pure Logic Programs}},
    year = {2003}
}

@misc{PosSch03full,
  author = {Adam Poswolsky and Carsten Sch{\"{u}}rmann},
  title = {{Factoring Report}},
  year = {2003}
}

@misc{PosSch04,
    author = {Adam Poswolsky and Carsten Sch{\"{u}}mann},
    title = {{Factoring Proofs}},
    year = {2004?}
}

@misc{PosSch09,
    author = {Adam Poswolsky and Carsten Sch{\"{u}}rmann},
    title = {{System Description: Delphin -- A Functional Programming Language for Deductive Systems}},
    year = {2009}
}

@misc{DunPie08,
    author = {Joshua Dunfield and Brigitte Pientka},
    title = {{Case Analysis of Higher-Order Data}},
    year = {2008}
}

@misc{PieXX,
    author = {Brigitte Pientka},
    title = {{Coverage checking contextual objects}},
    year = {20xx}
}

@misc{PieDun10,
    author = {Brigitte Pientka and Joshua Dunfield},
    title = {{Covering all bases: design and implementation of case analysis for contextual objects}},
    year = {2010}
}

@misc{PieDun10beluga,
    author = {Brigitte Pientka and Joshua Dunfield},
    title = {{Beluga: A Framework for Programming and Reasoning with Deductive Systems (System Description)}},
    year = {2010}
}

@misc{WanNad13,
    author = {Yuting Wang and Gopalan Nadathur},
    title = {{Towards Extracting Explicit Proofs from Totality Checking in Twelf}},
    year = {2013}
}

@misc{NadMil88,
    author = {Gopalan Nadathur and Dale Miller},
    title = {{An Overview of Lambda Prolog}},
    year = {1988}
}

@misc{Gac08,
    author = {Andrew Gacek},
    title = {{The Abella Interactive Theorem Prover (System Description)}},
    year = {2008}
}
